@misc{univContinuanceRate,
author = "文部科学省",
title = "平成30年度画稿基本調査（確定値）の好評について",
note = "\url{https://www.mext.go.jp/component/b_menu/other/__icsFiles/afieldfile/2018/12/25/1407449_1.pdf}"
}

@misc{Shingakusyusienseido,
author = "文部科学省",
title = "高等教育の修学支援新制度",
note = "\url{https://www.mext.go.jp/a_menu/koutou/hutankeigen/index.htm}"
}

@misc{university_num,
author = "旺文社",
title = "日本の大学数は 774 大学 私立大学が約 8 割！「2019 年度 日本の大学データ」より",
note = "\url{http://eic.obunsha.co.jp/resource/viewpoint-pdf/201907.pdf}"
}

@misc{shigan,
author = "日本私立学校振興・共済事業団",
title = "平成31(2019)年度私立大学・短期大学等入学志願動向",
note = "\url{https://www.shigaku.go.jp/files/shigandoukouH31.pdf}"
}

@misc{hojokin1,
author = "文部科学省",
title = "平成28年度以降の定員管理に係る私立大学等経常補助金の取り扱いについて（通知）",
note = "\url{https://www.mext.go.jp/a_menu/koutou/shinkou/07021403/002/002/__icsFiles/afieldfile/2015/07/13/1360007_2.pdf}"
}

@misc{hojokin2,
author = "文部科学省",
title = "平成31年度以降の定員管理に関わる私立大学等経常補助金の取り扱いについて（通知）",
note = "\url{https://www.mext.go.jp/a_menu/koutou/shinkou/07021403/002/002/__icsFiles/afieldfile/2018/09/19/1409177.pdf}"
}

@techreport{word2vec,
author = "Tomas Mikolov and Kai Chen and Greg Corrado and Jeffrey Dean",
title = "Efficient Estimation of Word Representations in Vector Space",
institution = "Google Inc. Mountain View, CA",
year = "2013",
month = "9"
}

@book{word2vecBook,
author = "西尾泰和",
title = "word2vecによる自然言語処理",
publisher = "株式会社オライリー・ジャパン",
year = "2014"
}

@misc{pressCenter,
title = "大学プレスセンター",
note = "\url{https://www.u-presscenter.jp/}"
}

@techreport{glove,
author = "Jeffrey Pennington and Richard Socher and Christopher D.Manning",
title = "GloVe: Global Vectors for Word Representation",
institution = "Computer Science Department, Stanford University, Stanford, CA 94305",
year = "2014"
}

@misc{passNavi,
title = "大学受験パスナビ",
note = "\url{https://passnavi.evidus.com/}"
}

@misc{TUTS,
title = "東京神学大学",
note = "\url{https://www.tuts.ac.jp/about/history.html}"
}
